@article{esempio,
  title={title example},
  author={Author Example and John Wick},
  journal={Journal Example},
  volume={18},
  number={5},
  pages={507--519},
  year={1971},
  publisher={publisher example}
}